<?xml version="1.0" encoding="UTF-8"?><collection xmlns="http://www.loc.gov/MARC21/slim"><record><leader>00386nam--2200157-i-4500</leader><controlfield tag="001">000048616</controlfield><controlfield tag="002">20161230</controlfield><controlfield tag="005">20170208132824</controlfield><controlfield tag="008">060222s1000------------r-----000-0-eng-d</controlfield><datafield ind1=" " ind2=" " tag="080"><subfield code="a">511.214</subfield></datafield><datafield ind1=" " ind2=" " tag="245"><subfield code="a">Avtomorfnye funkcii i teoriia chisel</subfield></datafield><datafield ind1=" " ind2=" " tag="260"><subfield code="a">Leningrad</subfield><subfield code="b">Izd.Nauka</subfield><subfield code="c">1984</subfield></datafield><datafield ind1=" " ind2=" " tag="300"><subfield code="a">260 S</subfield></datafield><datafield ind1=" " ind2=" " tag="700"><subfield code="a">Venkova, A. B</subfield><subfield code="e">Red</subfield></datafield><datafield ind1=" " ind2=" " tag="852"><subfield code="a">71694</subfield></datafield><datafield ind1=" " ind2=" " tag="CAT"><subfield code="a">SYS</subfield><subfield code="c">20170208</subfield><subfield code="h">132824</subfield></datafield></record></collection>